@misc{stocins,
  author = {Esau, Nathan},
  title = {stocins package},
  year = {2017},
  publisher = {GitHub},
  journal = {GitHub repository},
  howpublished = {\url{https://github.com/nathanesau/stocins}}
}

@article{parker1997stochastic,
  title={Stochastic analysis of the interaction between investment and insurance risks},
  author={Parker, Gary},
  journal={North American actuarial journal},
  volume={1},
  number={2},
  pages={55--71},
  year={1997},
  publisher={Taylor \& Francis}
}

@phdthesis{parker1992application,
  title={An application of stochastic interest rate models in life assurance},
  author={Parker, Gary},
  year={1992},
  school={Heriot-Watt University}
}
